<record><leader>00000cas a22000007a 4500</leader><controlfield tag="001">12872819</controlfield><controlfield tag="008">851205d18811898wiuwr ne      0    0eng d</controlfield><datafield ind1=" " ind2=" " tag="010"><subfield code="a">sn 85041469 </subfield></datafield><datafield ind1=" " ind2=" " tag="040"><subfield code="a">NPV</subfield><subfield code="b">eng</subfield><subfield code="c">NPV</subfield><subfield code="d">OCLCQ</subfield></datafield><datafield ind1=" " ind2=" " tag="042"><subfield code="a">msc</subfield></datafield><datafield ind1=" " ind2=" " tag="045"><subfield code="a">w8w9</subfield></datafield><datafield ind1=" " ind2=" " tag="052"><subfield code="a">4123</subfield><subfield code="b">J8</subfield></datafield><datafield ind1="0" ind2=" " tag="130"><subfield code="a">Elroy tribune (Elroy, Wis. : 1881)</subfield></datafield><datafield ind1="1" ind2="4" tag="245"><subfield code="a">The Elroy tribune.</subfield></datafield><datafield ind1="1" ind2="3" tag="246"><subfield code="a">Elroy tribune and plaintalker</subfield></datafield><datafield ind1=" " ind2=" " tag="260"><subfield code="a">Elroy, Wis. :</subfield><subfield code="b">C.M. Hobart &amp; Co.,</subfield><subfield code="c">-1898.</subfield></datafield><datafield ind1=" " ind2=" " tag="300"><subfield code="a">v. :</subfield><subfield code="b">ill. (chiefly illustration)</subfield></datafield><datafield ind1=" " ind2=" " tag="310"><subfield code="a">Weekly</subfield></datafield><datafield ind1="0" ind2=" " tag="362"><subfield code="a">-v. 22, no. 12 (Jan. 20, 1898).</subfield></datafield><datafield ind1="1" ind2=" " tag="362"><subfield code="a">Began with Nov. 2, 1881 issue.</subfield><subfield code="z">Cf. Oehlerts, d. E. Guide to Wis. newspapers.</subfield></datafield><datafield ind1=" " ind2=" " tag="500"><subfield code="a">Publisher varies.</subfield></datafield><datafield ind1=" " ind2=" " tag="500"><subfield code="a">Title varies: Elroy tribune and plaintalker.</subfield></datafield><datafield ind1=" " ind2=" " tag="500"><subfield code="a">Editors: T. Lindley &amp; C.M. Hobart, &lt;Nov. 16, 1881&gt;-May 10, 1882; T. Lindley, May 17, 1882-May 8, 1884; D.C. Talbot, May 15-June 12, 1884; T.K. Dunn, June 19, 1884; H.H. Dunn, June 26, 1884-Feb. 4, 1885; T.K. Dunn, Feb. 11, 1885-Jan. 24, 1889.</subfield></datafield><datafield ind1=" " ind2=" " tag="530"><subfield code="a">Available on microfilm from The State Historical Society of Wisconsin.</subfield></datafield><datafield ind1=" " ind2=" " tag="588"><subfield code="a">Description based on: Vol. 1, no. 2 (Nov. 16, 1881).</subfield></datafield><datafield ind1=" " ind2=" " tag="752"><subfield code="a">United States</subfield><subfield code="b">Wisconsin</subfield><subfield code="c">Juneau</subfield><subfield code="d">Elroy.</subfield></datafield><datafield ind1="0" ind2="0" tag="785"><subfield code="t">Tribune (Elroy, Wis.)</subfield><subfield code="w">(DLC)sn 85041468</subfield></datafield><datafield ind1="1" ind2=" " tag="029"><subfield code="a">AU@</subfield><subfield code="b">000023481881</subfield></datafield></record>